@misc{Balabanov2015,
  author       = "Balabanov, Todor",
  title        = "Fish Rings",
  howpublished = "Velbazhd Software LLC",
  year         = "2015",
  url          = "https://play.google.com/store/apps/details?id=eu.veldsoft.fish.rings"
}

@misc{Balabanov2024a,
  author       = "Balabanov, Todor",
  title        = "Fish Rings Puzzle Formula Generator",
  howpublished = "ResearchGate GmbH",
  year         = "2024",
  doi          = "10.13140/RG.2.2.14834.89289"
}

@misc{Balabanov2024b,
  author       = "Balabanov, Todor",
  title        = "List of Formulas for Fish Rings Puzzle which Change Only Two Pieces - Length of the Formulas from Four to Seven",
  howpublished = "ResearchGate GmbH",
  year         = "2024",
  doi          = "10.13140/RG.2.2.25609.01120"
}

@Article{Archer2007,
  author="Archer, Aaron",
  title="The 15 puzzle: how it drove the world crazy",
  journal="The Mathematical Intelligencer",
  year="2007",
  month="Mar",
  day="01",
  volume="29",
  number="2",
  pages="83-85",
  issn="0343-6993",
  doi="10.1007/BF02986216",
  url="https://doi.org/10.1007/BF02986216"
}
